@article{baier_2020,
  title = {Orbital and Spin Dynamics of Single Neutrally-Charged Nitrogen-Vacancy Centers in Diamond},
  author = {Baier, S. and Bradley, C. E. and Middelburg, T. and Dobrovitski, V. V. and Taminiau, T. H. and Hanson, R.},
  journal = {Phys. Rev. Lett.},
  volume = {125},
  issue = {19},
  pages = {193601-1--193601-6},
  numpages = {6},
  year = {2020},
  month = nov,
  publisher = {American Physical Society},
  doi = {10.1103/PhysRevLett.125.193601},
  url_ = {https://link.aps.org/doi/10.1103/PhysRevLett.125.193601}
}

@article{basssett_2011,
  title = {Electrical Tuning of Single Nitrogen-Vacancy Center Optical Transitions Enhanced by Photoinduced Fields},
  author = {Bassett, L. C. and Heremans, F. J. and Yale, C. G. and Buckley, B. B. and Awschalom, D. D.},
  journal = {Phys. Rev. Lett.},
  volume = {107},
  issue = {26},
  pages = {266403-1--266403-5},
  numpages = {5},
  year = {2011},
  month = dec,
  publisher = {American Physical Society},
  doi = {10.1103/PhysRevLett.107.266403},
  url_ = {https://link.aps.org/doi/10.1103/PhysRevLett.107.266403}
}

@inproceedings{bb84Original,
    author = {Charles H. {Bennett} and Gilles {Brassard}},
    title = {Quantum Cryptography: Public Key Distribution and Coin Tossing},
    booktitle = {Proceedings of the International Conference on Computers, Systems and Signal Processing},
    publisher_ = {},
    address = {Bangalore, India},
    month = dec,
    pages = {175--179},
    year = {1984},
    url = {https://www.karlin.mff.cuni.cz/~holub/soubory/BB84original.pdf},
}

@article{bennett_1993_teleportation,
    title = {Teleporting an Unknown Quantum State via Dual Classical and Einstein-Podolsky-Rosen Channels},
    author = {Charles H. {Bennett} and Gilles {Brassard} and Claude {Crépeau} and Richard {Jozsa} and Asher {Peres} and William K. {Wootters}},
    journal = {Phys. Rev. Lett.},
    volume = {70},
    issue = {13},
    pages = {1895--1899},
    numpages = {5},
    year = {1993},
    month = mar,
    publisher = {American Physical Society},
    doi = {10.1103/PhysRevLett.70.1895},
}

@book{vanMeter_book,
    author = {Rodney {van Meter}},
    title = {Quantum Networking},
    year = {2014},
    publisher = {John Wiley and Sons, Ltd},
    doi = {10.1002/9781118648919}
}

@online{squidASM,
    title = {{SquidASM}: a Simulator that Executes {NetQASM} Applications},
    organization = {QuTech},
    url = {https://github.com/QuTech-Delft/squidasm},
    urldate = {2024-07-14},
    presort = {zz}
}

@online{linux_threads,
    title = {pthreads(7) - Linux manual page},
    url = {https://man7.org/linux/man-pages/man7/pthreads.7.html},
    urldate = {2024-07-15},
    presort = {zz}
}

@article{RepeaterSurvey,
    title = {Quantum repeaters: From Quantum Networks to the Quantum Internet},
    author = {Koji {Azuma} and Sophia E. {Economou} and David {Elkouss} and Paul {Hilaire} and Liang {Jiang} and Hoi-Kwong {Lo} and Ilan {Tzitrin}},
    journal = {Rev. Mod. Phys.},
    volume = {95},
    issue = {4},
    pages = {045006-1--045006-66},
    numpages = {66},
    year = {2023},
    month = {Oct.--Dec.},
    publisher = {American Physical Society},
    doi = {10.1103/RevModPhys.95.045006},
}

%

@book{lidar2013quantum,
    title = {{Quantum Error Correction}},
    author = {Daniel A. {Lidar} and Todd A. {Brun}},
    year = {2013},
    publisher = {Cambridge University Press}
}

@article{warren_1984,
    author = {Warren, S. W.},
    title = {Effects of arbitrary laser or NMR pulse shapes on population inversion and coherence},
    journal = {The Journal of Chemical Physics},
    volume={81},
    year = {1984}, 
    url={https://doi.org/10.1063/1.447644},
    doi={10.1063/1.447644}
}
@article{vandersypen_2005,
  title = {NMR techniques for quantum control and computation},
  author = {Vandersypen, L. M. K. and Chuang, I. L.},
  journal = {Rev. Mod. Phys.},
  volume = {76},
  issue = {4},
  pages = {1037--1069},
  numpages = {0},
  year = {2005},
  month = {Jan},
  publisher = {American Physical Society},
  doi = {10.1103/RevModPhys.76.1037},
  url = {https://link.aps.org/doi/10.1103/RevModPhys.76.1037}
}

@article{doherty_2013,
    author = {Marcus W. {Doherty} and
 	Neil B. {Manson} and
 	Paul {Delaney} and
 	Fedor {Jelezko} and
 	Jörg {Wrachtrup} and
 	Lloyd C.L. {Hollenberg}},
    title = {The nitrogen-vacancy colour centre in diamond},
    journal = {Physics Reports},
    year = {2013},
    volume= {528},
    doi={10.1016/j.physrep.2013.02.001}
}

@article{abobeih_2018_one_sec,
    title = {{One-Second Coherence for a Single Electron Spin Coupled to a Multi-Qubit Nuclear-Spin
             Environment}},
    author = {Mohamed H. {Abobeih} and Julia {Cramer} and Michiel A. {Bakker} and Norbert {Kalb} and
              Matthew {Markham} and Daniel J. {Twitchen} and Tim H. {Taminiau}},
    journal = {Nature Commun.},
    volume = {9},
    number = {1},
    pages = {1--8},
    year = {2018},
    doi = {10.1038/s41467-018-04916-z},
}

@article{alshowkan_2021_reconfigurable,
    title = {{Reconfigurable Quantum Local Area Network Over Deployed Fiber}},
    author = {Alshowkan, Muneer and Williams, Brian P. and Evans, Philip G. and Rao, Nageswara S.V.
              and Simmerman, Emma M. and Lu, Hsuan-Hao and Lingaraju, Navin B. and Weiner, Andrew M.
              and Marvinney, Claire E. and Pai, Yun-Yi and Lawrie, Benjamin J. and Peters, Nicholas
              A. and Lukens, Joseph M.},
    journal = {PRX Quantum},
    volume = {2},
    issue = {4},
    pages = {040304},
    year = {2021},
    doi = {10.1103/PRXQuantum.2.040304},
}

@article{barz_2012_demonstration,
    title = {{Demonstration of Blind Quantum Computing}},
    author = {Stefanie {Barz} and Elham {Kashefi} and Anne {Broadbent} and Joseph F. {Fitzsimons}
              and Anton {Zeilinger} and Philip {Walther}},
    journal = {Science},
    volume = {335},
    number = {6066},
    pages = {303--308},
    year = {2012},
    doi = {10.1126/science.1214707},
}

@article{bennett_1992_communication,
    title = {{Communication via One- and Two-Particle Operators on Einstein-Podolsky-Rosen States}},
    author = {Bennett, Charles H and Wiesner, Stephen J},
    journal = {Physical Rev. Lett.},
    volume = {69},
    number = {20},
    pages = {2881--2884},
    year = {1992},
    doi = {10.1103/PhysRevLett.69.2881},
}

@article{bennett_2014_bb84,
    title = {{Quantum Cryptography: Public Key distribution and Coin Tossing}},
    author = {Charles H. {Bennett} and Gilles {Brassard}},
    journal = {Theor. Comput. Sci.},
    volume = {560},
    number = {1},
    pages = {7--11},
    year = {2014},
    doi = {10.1016/j.tcs.2014.05.025},
}

@article{bernien_2013_heralded,
    title = {{Heralded Entanglement Between Solid-State Qubits Separated by Three Metres}},
    author = {Hannes {Bernien} and Bas {Hensen} and Wolfgang {Pfaff} and Gerwin {Koolstra} and
              Machiel S. {Blok} and Lucio {Robledo} and Tim H. {Taminiau} and Matthew {Markham} and
              Daniel J. {Twitchen} and Lilian {Childress} and Ronald {Hanson}},
    journal = {Nature},
    volume = {497},
    number = {},
    pages = {86--90},
    year = {2013},
    doi = {10.1038/nature12016},
}

@article{berrevoets_2022_deployed,
    title = {{Deployed Measurement-Device Independent Quantum Key Distribution and Bell-State
             Measurements Coexisting With Standard Internet Data and Networking Equipment}},
    author = {Berrevoets, Remon C and Middelburg, Thomas and Vermeulen, Raymond FL and Chiesa, Luca
              Della and Broggi, Federico and Piciaccia, Stefano and Pluis, Rene and Umesh, Prathwiraj
              and Marques, Jorge F and Tittel, Wolfgang and Slater, Joshua A},
    journal = {Communications Physics},
    volume = {5},
    number = {1},
    pages = {1--8},
    year = {2022},
    doi = {10.1038/s42005-022-00964-6},
}

@article{bostrom_2003_simulation,
    title = {{Are We Living in a Computer Simulation?}},
    author = {Bostrom, Nick},
    journal = {The philosophical quarterly},
    volume = {53},
    number = {211},
    pages = {243--255},
    year = {2003},
    doi = {10.1111/1467-9213.00309},
}

@article{bourassa_2021_blueprint,
    title = {{Blueprint for a Scalable Photonic Fault-Tolerant Quantum Computer}},
    author = {J. Eli {Bourassa} and Rafael N. {Alexander} and Michael {Vasmer} and Ashlesha {Patil}
              and Ilan {Tzitrin} and Takaya {Matsuura} and Daiqin {Su} and Ben Q. {Baragiola} and
              Saikat {Guha} and Guillaume {Dauphinais} and Krishna K. {Sabapathy} and Nicolas C. {
              Menicucci} and Ish {Dhand}},
    journal = {{Quantum}},
    volume = {5},
    number = {},
    pages = {392--430},
    year = {2021},
    doi = {10.22331/q-2021-02-04-392},
}

@article{bozzio_2020_coin,
    title = {{Quantum Weak Coin Flipping With a Single Photon}},
    author = {Bozzio, Mathieu and Chabaud, Ulysse and Kerenidis, Iordanis and Diamanti, Eleni},
    journal = {Phys. Rev. A},
    volume = {102},
    number = {},
    pages = {022414},
    year = {2020},
    doi = {10.1103/PhysRevA.102.022414},
}

@article{bradley_2019_one_min,
    title = {{A Ten-Qubit Solid-State Spin Register with Quantum Memory up to One Minute}},
    author = {C. E. {Bradley} and J. {Randall} and M. H. {Abobeih} and R. C. {Berrevoets} and M. J.
              {Degen} and M. A. {Bakker} and M. {Markham} and D. J. {Twitchen} and T. H. {Taminiau}},
    journal = {Phys. Rev. X},
    volume = {9},
    number = {3},
    pages = {031045-1--031045-12},
    year = {2019},
    doi = {10.1103/PhysRevX.9.031045},
}

@article{caleffi_2017_optimal,
    title = {{Optimal Routing for Quantum Networks}},
    author = {Caleffi, Marcello},
    journal = {IEEE Access},
    volume = {5},
    number = {},
    pages = {22299-22312},
    year = {2017},
    doi = {10.1109/ACCESS.2017.2763325},
}

@article{chakraborty_2020_entanglement,
    title = {{Entanglement Distribution in a Quantum Network: A Multicommodity Flow-Based Approach}},
    author = {Chakraborty, Kaushik and Elkouss, David and Rijsman, Bruno and Wehner, Stephanie},
    journal = {IEEE Transactions on Quantum Engineering},
    volume = {1},
    number = {},
    pages = {1--21},
    year = {2020},
    doi = {10.1109/TQE.2020.3028172},
}

@article{childs_2005_secure_qc,
    title = {{Secure Assisted Quantum Computation}},
    author = {Andrew M. {Childs}},
    journal = {Quantum Inf. Comput.},
    volume = {5},
    number = {6},
    pages = {456--466},
    year = {2005},
    doi = {10.26421/QIC5.6-4},
}

@article{coopmans_2021_netsquid,
    title = {{NetSquid, a NETwork Simulator for QUantum Information using Discrete events}},
    author = {Coopmans, Tim and Knegjens, Robert and Dahlberg, Axel and Maier, David and Nijsten,
              Loek and Oliveira, Julio and Papendrecht, Martijn and Rabbie, Julian and Rozpędek,
              Filip and Skrzypczyk, Matthew and Wubben, Leon and de Jong, Walter and Podareanu,
              Damian and Torres-Knoop, Ariana and Elkouss, David and Wehner, Stephanie},
    journal = {Communications Physics},
    volume = {4},
    number = {1},
    pages = {164},
    year = {2021},
    doi = {10.1038/s42005-021-00647-8},
}

@article{dahlberg_2022_netqasm,
    title = {{NetQASM—A Low-Level Instruction Set Architecture for Hybrid Quantum–Classical Programs
             in a Quantum Internet}},
    author = {Dahlberg, Axel and {van der Vecht}, Bart and Delle Donne, Carlo and Skrzypczyk, Matthew
              and te Raa, Ingmar and Kozlowski, Wojciech and Wehner, Stephanie},
    journal = {Quantum Science and Technology},
    volume = {7},
    number = {3},
    pages = {035023},
    year = {2022},
    doi = {10.1088/2058-9565/ac753f},
}

@article{delteil_2016_generation,
    title = {{Generation of Heralded Entanglement Between Distant Hole Spins}},
    author = {Delteil, Aymeric and Sun, Zhe and Gao, Wei-bo and Togan, Emre and Faelt, Stefan and
              Imamoğlu, Ataç},
    journal = {Nat. Phys.},
    volume = {12},
    number = {3},
    pages = {218--223},
    year = {2016},
    doi = {10.1038/nphys3605},
}

@article{diadamo_2022_packet,
    title = {{Packet Switching in Quantum Networks: A Path to the Quantum Internet}},
    author = {DiAdamo, Stephen and Qi, Bing and Miller, Glen and Kompella, Ramana and Shabani,
              Alireza},
    journal = {Phys. Rev. Res.},
    volume = {4},
    number = {4},
    pages = {043064},
    year = {2022},
    doi = {10.1103/PhysRevResearch.4.043064},
}

@article{dieks_1982_communication,
    title = {{Communication by EPR devices}},
    author = {Dieks, DGBJ},
    journal = {Physics Letters A},
    volume = {92},
    number = {6},
    pages = {271--272},
    year = {1982},
    doi = {10.1016/0375-9601(82)90084-6},
}

@article{ekert_1991_e91,
    title = {{Quantum Cryptography Based on Bell's Theorem}},
    author = {Artur K. {Ekert}},
    journal = {Phys. Rev. Lett.},
    volume = {67},
    number = {6},
    pages = {661--663},
    year = {1991},
    doi = {10.1103/PhysRevLett.67.661},
}

@article{gottesman_2012_telescope,
    title = {{Longer-Baseline Telescopes Using Quantum Repeaters}},
    author = {Daniel {Gottesman} and Thomas {Jennewein} and Sarah {Croke}},
    journal = {Phys. Rev. Lett.},
    volume = {109},
    number = {7},
    pages = {070503-1--070503-5},
    year = {2012},
    doi = {10.1103/PhysRevLett.109.070503},
}

@article{granade_2016_practical,
    title = {{Practical Bayesian Tomography}},
    author = {Granade, Christopher and Combes, Joshua and Cory, D. G.},
    journal = {New Journal of Physics},
    volume = {18},
    number = {3},
    pages = {033024},
    year = {2016},
    doi = {10.1088/1367-2630/18/3/033024},
}

@article{granade_2017_qinfer,
    title = {{QInfer: Statistical Inference Software for Quantum Applications}},
    author = {Granade, Christopher and Ferrie, Christopher and Hincks, Ian and Casagrande, Steven
              and Alexander, Thomas and Gross, Jonathan and Kononenko, Michal and Sanders, Yuval},
    journal = {Quantum},
    volume = {1},
    number = {},
    pages = {5},
    year = {2017},
    doi = {10.22331/q-2017-04-25-5},
}

@article{gyongyosi_2018_decentralized,
    title = {{Decentralized Base-Graph Routing for the Quantum Internet}},
    author = {Gyongyosi, Laszlo and Imre, Sandor},
    journal = {Phys. Rev. A},
    volume = {98},
    number = {2},
    pages = {022310},
    year = {2018},
    url = {10.1103/PhysRevA.98.022310},
}

@article{hofmann_2012_heralded,
    title = {{Heralded Entanglement Between Widely Separated Atoms}},
    author = {Hofmann, Julian and Krug, Michael and Ortegel, Norbert and Gérard, Lea and Weber,
              Markus and Rosenfeld, Wenjamin and Weinfurter, Harald},
    journal = {Science},
    volume = {337},
    number = {6090},
    pages = {72--75},
    year = {2012},
    doi = {10.1126/science.1221856},
}

@article{humphreys_2018_delivery,
    title = {{Deterministic Delivery of Remote Entanglement on a Quantum Network}},
    author = {Peter C. {Humphreys} and Norbert {Kalb} and Jaco P. J. {Morits} and Raymond N. {
              Schouten} and Raymond F. L. {Vermeulen} and Daniel J. {Twitchen} and Matthew {Markham}
              and Ronald {Hanson}},
    journal = {Nature},
    volume = {558},
    number = {7709},
    pages = {268--273},
    year = {2018},
    doi = {10.1038/s41586-018-0200-5},
}

@article{joshi_2020_trusted,
    title = {{A Trusted Node–Free Eight-User Metropolitan Quantum Communication Network}},
    author = {Joshi, Siddarth Koduru and Aktas, Djeylan and Wengerowsky, Sören and Lončarić, Martin
              and Neumann, Sebastian Philipp and Liu, Bo and Scheidl, Thomas and Lorenzo, Guillermo
              Currás and Samec, Željko and Kling, Laurent and Qiu, Alex and Razavi, Mohsen and
              Stipčević, Mario and Rarity, John G. and Ursin, Rupert},
    journal = {Science Advances},
    volume = {6},
    number = {36},
    pages = {eaba0959},
    year = {2020},
    doi = {10.1126/sciadv.aba0959},
}

@article{kalb_2017_entanglement,
    title = {{Entanglement Distillation Between Solid-State Quantum Network Nodes}},
    author = {Kalb, Norbert and Reiserer, Andreas A and Humphreys, Peter C and Bakermans, Jacob J W
              and Kamerling, Sten J and Nickerson, Naomi H and Benjamin, Simon C and Twitchen, Daniel
              J and Markham, Matthew and Hanson, Ronald},
    journal = {Science},
    volume = {356},
    number = {6341},
    pages = {928--932},
    year = {2017},
    doi = {10.1126/science.aan0070},
}

@article{kalb_2018_dephasing,
    title = {{Dephasing Mechanisms of Diamond-Based Nuclear-Spin Memories for Quantum Networks}},
    author = {Kalb, N. and Humphreys, P. C. and Slim, J. J. and Hanson, R.},
    journal = {Phys. Rev. A},
    volume = {97},
    number = {6},
    pages = {062330},
    year = {2018},
    doi = {10.1103/PhysRevA.97.062330},
}

@article{kimble_2008_quantum,
    title = {{The Quantum Internet}},
    author = {H. Jeff {Kimble}},
    journal = {Nature},
    volume = {453},
    number = {7198},
    pages = {1023--1030},
    year = {2008},
    doi = {10.1038/nature07127},
}

@article{komar_2014_clocks,
    title = {{A Quantum Network of Clocks}},
    author = {P. {Kómár} and E. M. {Kessler} and M. {Bishof} and L. {Jiang} and A. S. {Sørensen} and
              J. {Ye} and M. D. {Lukin}},
    journal = {Nature Phys.},
    volume = {10},
    number = {8},
    pages = {582--587},
    year = {2014},
    doi = {10.1038/nphys3000},
}

@article{li_2022_connectionless,
    title = {{Connection-Oriented and Connectionless Remote Entanglement Distribution Strategies in
             Quantum Networks}},
    author = {Li, Zhonghui and Xue, Kaiping and Li, Jian and Yu, Nenghai and Wei, David S. L. and Li
              , Ruidong},
    journal = {IEEE Network},
    volume = {36},
    number = {6},
    pages = {150--156},
    year = {2022},
    doi = {10.1109/MNET.107.2100483},
}

@article{liu_1973_scheduling,
    title = {{Scheduling Algorithms for Multiprogramming in a Hard-Real-Time Environment}},
    author = {Chung Laung {Liu} and James W. {Layland}},
    journal = {J. ACM},
    volume = {20},
    number = {1},
    pages = {46--61},
    year = {1973},
    doi = {10.1145/321738.32174},
}

@article{liu_2022_photonic_diqkd,
    title = {{Toward a Photonic Demonstration of Device-Independent Quantum Key Distribution}},
    author = {Liu, Wen-Zhao and Zhang, Yu-Zhe and Zhen, Yi-Zheng and Li, Ming-Han and Liu, Yang and
              Fan, Jingyun and Xu, Feihu and Zhang, Qiang and Pan, Jian-Wei},
    journal = {Phys. Rev. Lett.},
    volume = {129},
    number = {5},
    pages = {050502},
    year = {2022},
    doi = {10.1103/PhysRevLett.129.050502},
}

@article{matsuo_2019_bootstrapping,
    title = {{Quantum Link Bootstrapping Using a RuleSet-based Communication Protocol}},
    author = {Matsuo, Takaaki and Durand, Clément and Van Meter, Rodney},
    journal = {Phys. Rev. A},
    volume = {100},
    number = {5},
    pages = {052320},
    year = {2019},
    doi = {10.1103/PhysRevA.100.052320},
}

@article{moehring_2007_ion_traps,
    title = {{Entanglement of Single-Atom Quantum Bits at a Distance}},
    author = {David L. {Moehring} and Peter {Maunz} and Steve {Olmschenk} and Kelly C. {Younge} and
              Dzmitry N. {Matsukevich} and L.-M. {Duan} and Christopher {Monroe}},
    journal = {Nature},
    volume = {449},
    number = {},
    pages = {68--71},
    year = {2007},
    doi = {10.1038/nature06118},
}

@article{nachman_2020_unfolding,
    title = {{Unfolding Quantum Computer Readout Noise}},
    author = {Nachman, Benjamin and Urbanek, Miroslav and de Jong, Wibe A. and Bauer, Christian W.},
    journal = {npj Quantum Information},
    volume = {6},
    number = {1},
    pages = {1--7},
    year = {2020},
    doi = {10.1038/s41534-020-00309-7},
}

@article{ng_2012_noisystorage,
    title = {{Experimental Implementation of Bit Commitment in the Noisy-Storage Model}},
    author = {Nelly Huei Ying {Ng} and Siddarth K. {Joshi} and Chia {Chen Ming} and Christian {
              Kurtsiefer} and Stephanie {Wehner}},
    journal = {Nature communications},
    volume = {3},
    number = {1},
    pages = {1--7},
    year = {2012},
    doi = {10.1038/ncomms2268},
}

@article{nguyen_2019_quantum,
    title = {{Quantum Network Nodes Based on Diamond Qubits with an Efficient Nanophotonic Interface
             }},
    author = {Nguyen, C. T. and Sukachev, D. D. and Bhaskar, M. K. and Machielse, B. and Levonian,
              D. S. and Knall, E. N. and Stroganov, P. and Riedinger, R. and Park, H. and Lončar, M.
              and Lukin, M. D.},
    journal = {Phys. Rev. Lett.},
    volume = {123},
    number = {18},
    pages = {183602},
    year = {2019},
    doi = {10.1103/PhysRevLett.123.183602},
}

@article{pant_2019_routing,
    title = {{Routing Entanglement in the Quantum Internet}},
    author = {Pant, Mihir and Krovi, Hari and Towsley, Don and Tassiulas, Leandros and Jiang, Liang
              and Basu, Prithwish and Englund, Dirk and Guha, Saikat},
    journal = {npj Quantum Information},
    volume = {5},
    number = {1},
    pages = {1--9},
    year = {2019},
    doi = {10.1038/s41534-019-0139-x},
}

@article{pirker_2019_quantum,
    title = {{A Quantum Network Stack and Protocols for Reliable Entanglement-Based Networks}},
    author = {A Pirker and W Dür},
    journal = {New Journal of Physics},
    volume = {21},
    number = {3},
    pages = {033003},
    year = {2019},
    doi = {10.1088/1367-2630/ab05f7},
}

@article{pompili_2022_experimental,
    title = {{Experimental Demonstration of Entanglement Delivery Using a Quantum Network Stack}},
    author = {Pompili, Matteo and Delle Donne, Carlo and te Raa, Ingmar and {van der Vecht}, Bart and
              Skrzypczyk, Matthew and Ferreira, Guilherme M and de Kluijver, Lisa and Stolk, Arian J
              and Hermans, Sophie L N and Pawełczak, Przemysław and Kozlowski, Wojciech and Hanson,
              Ronald and Wehner, Stephanie},
    journal = {npj Quantum Information},
    volume = {8},
    number = {1},
    pages = {121},
    year = {2022},
    doi = {10.1038/s41534-022-00631-2},
}

@article{pompili_2021_multinode,
    title = {{Realization of a Multinode Quantum Network of Remote Solid-State Qubits}},
    author = {Pompili, M and Hermans, S L N and Baier, S and Beukers, H K C and Humphreys, P C and
              Schouten, R N and Vermeulen, R F L and Tiggelman, M J and dos Santos Martins, L and
              Dirkse, B and Wehner, S and Hanson, R},
    journal = {Science},
    volume = {372},
    number = {6539},
    pages = {259--264},
    year = {2021},
    doi = {10.1126/science.abg1919},
}

@article{reiserer_2015_neutral_atoms,
    title = {{Cavity-Based Quantum Networks With Single Atoms and Optical Photons}},
    author = {Andreas {Reiserer} and Gerhard {Rempe}},
    journal = {Rev. Mod. Phys.},
    volume = {87},
    number = {4},
    pages = {1379--1418},
    year = {2015},
    doi = {10.1103/RevModPhys.87.1379},
}

@article{ritter_2012_elementary,
    title = {{An Elementary Quantum Network of Single Atoms in Optical Cavities}},
    author = {Ritter, Stephan and Nölleke, Christian and Hahn, Carolin and Reiserer, Andreas and
              Neuzner, Andreas and Uphoff, Manuel and Mücke, Martin and Figueroa, Eden and Bochmann,
              Joerg and Rempe, Gerhard},
    journal = {Nature},
    volume = {484},
    number = {7393},
    pages = {195--200},
    year = {2012},
    doi = {10.1038/nature11023},
}

@article{rose_2018_observation,
    title = {{Observation of an Environmentally Insensitive Solid-State Spin Defect in Diamond}},
    author = {Rose, Brendon C and Huang, Ding and Zhang, Zi-Huai and Stevenson, Paul and Tyryshkin,
              Alexei M and Sangtawesin, Sorawis and Srinivasan, Srikanth and Loudin, Lorne and
              Markham, Matthew L and Edmonds, Andrew M and Twitchen, Daniel J. and Lyon, Stephen A.
              and de Leon, Nathalie P.},
    journal = {Science},
    volume = {361},
    number = {6397},
    pages = {60--63},
    year = {2018},
    doi = {10.1126/science.aao0290},
}

@article{satoh_2020_attacking,
    title = {{Attacking the Quantum Internet}},
    author = {Satoh, Takahiko and Nagayama, Shota and Suzuki, Shigeya and Matsuo, Takaaki and Van
              Meter, Rodney},
    journal = {IEEE Transactions on Quantum Engineering},
    volume = {2},
    number = {},
    pages = {1--17},
    year = {2021},
    doi = {10.1109/TQE.2021.3094983},
}

@article{son_2020_developing,
    title = {{Developing Silicon Carbide for Quantum Spintronics}},
    author = {Son, Nguyen T and Anderson, Christopher P and Bourassa, Alexandre and Miao, Kevin C
              and Babin, Charles and Widmann, Matthias and Niethammer, Matthias and Ul Hassan, Jawad
              and Morioka, Naoya and Ivanov, Ivan G and Kaiser, Florian and Wrachtrup, Joerg and
              Awschalom, David D.},
    journal = {Appl. Phys. Lett.},
    volume = {116},
    number = {19},
    pages = {190501},
    year = {2020},
    doi = {10.1063/5.0004454},
}

@article{stephenson_2020_highrate,
    title = {{High-Rate, High-Fidelity Entanglement of Qubits Across an Elementary Quantum Network}},
    author = {Stephenson, L. J. and Nadlinger, D. P. and Nichol, B. C. and An, S. and Drmota, P. and
              Ballance, T. G. and Thirumalai, K. and Goodwin, J. F. and Lucas, D. M. and Ballance, C.
              J.},
    journal = {Phys. Rev. Lett.},
    volume = {124},
    number = {11},
    pages = {110501},
    year = {2020},
    doi = {10.1103/PhysRevLett.124.110501},
}

@article{stockill_2017_phasetuned,
    title = {{Phase-Tuned Entangled State Generation between Distant Spin Qubits}},
    author = {Stockill, R. and Stanley, M. J. and Huthmacher, L. and Clarke, E. and Hugues, M. and
              Miller, A. J. and Matthiesen, C. and Le Gall, C. and Atatüre, M.},
    journal = {Phys. Rev. Lett.},
    volume = {119},
    number = {1},
    pages = {010503},
    year = {2017},
    doi = {10.1103/PhysRevLett.119.010503},
}

@article{thalacker_2019_anonymous,
    title = {{Anonymous and Secret Communication in Quantum Networks}},
    author = {Christopher {Thalacker} and Frederik {Hahn} and Jarn {de Jong} and Anna {Pappa} and
              Stefanie {Barz}},
    journal = {New Journal of Physics},
    volume = {23},
    number = {8},
    pages = {},
    year = {2021},
    doi = {10.1088/1367-2630/ac1808},
}

@article{trusheim_2020_transform,
    title = {{Transform-Limited Photons From a Coherent Tin-Vacancy Spin in Diamond}},
    author = {Trusheim, Matthew E. and Pingault, Benjamin and Wan, Noel H. and Gündoğan, Mustafa and
              De Santis, Lorenzo and Debroux, Romain and Gangloff, Dorian and Purser, Carola and Chen
              , Kevin C. and Walsh, Michael and Rose, Joshua J. and Becker, Jonas N. and Lienhard,
              Benjamin and Bersin, Eric and Paradeisanos , Ioannis and Wang, Gang and Lyzwa, Dominika
              and Montblanch, Alejandro R-P. and Malladi , Girish and Bakhru, Hassaram and Ferrari,
              Andrea C. and Walmsley, Ian A. and Atatüre , Mete and Englund, Dirk},
    journal = {Phys. Rev. Lett.},
    volume = {124},
    number = {2},
    pages = {023602},
    year = {2020},
    doi = {10.1103/PhysRevLett.124.023602},
}

@article{vallone_2015_satellite,
    title = {{Experimental Satellite Quantum Communications}},
    author = {Giuseppe {Vallone} and Davide {Bacco} and Daniele {Dequal} and Simone {Gaiarin} and
              Vincenza {Luceri} and Giuseppe {Bianco} and Paolo {Villoresi}},
    journal = {Phys. Rev. Lett.},
    volume = {115},
    number = {4},
    pages = {040502-1--040502-5},
    year = {2015},
    doi = {10.1103/PhysRevLett.115.040502},
}

@article{van_meter_2013_path,
    title = {{Path Selection for Quantum Repeater Networks}},
    author = {Van Meter, Rodney and Satoh, Takahiko and Ladd, Thaddeus D. and Munro, William J. and
              Nemoto, Kae},
    journal = {Networking Science},
    volume = {3},
    number = {1},
    pages = {82--95},
    year = {2013},
    doi = {10.1007/s13119-013-0026-2},
}

@article{van_meter_2013_repeaters,
    title = {{Designing Quantum Repeater Networks}},
    author = {Van Meter, Rodney and Touch, Joe},
    journal = {IEEE Communications Magazine},
    volume = {51},
    number = {8},
    pages = {64--71},
    year = {2013},
    doi = {10.1109/MCOM.2013.6576340},
}

@article{vardoyan_2019_performance,
    title = {{On the Stochastic Analysis of a Quantum Entanglement Switch}},
    author = {Gayane {Vardoyan} and Saikat {Guha} and Philippe {Nain} and Don {Towsley}},
    journal = {Perform. Eval. Rev.},
    volume = {47},
    number = {2},
    pages = {27--29},
    year = {2019},
    doi = {10.1145/3374888.3374899},
}

@article{vardoyan_2021_capacity,
    title = {{On the Capacity Region of Bipartite and Tripartite Entanglement Switching}},
    author = {Vardoyan, Gayane and Guha, Saikat and Nain, Philippe and Towsley, Don},
    journal = {SIGMETRICS Perform. Eval. Rev.},
    volume = {48},
    number = {3},
    pages = {45–50},
    year = {2021},
    doi = {10.1145/3453953.3453963},
}

@article{vardoyan_2022_netarch,
    title = {{On the Quantum Performance Evaluation of two Distributed Quantum Architectures}},
    author = {Gayane {Vardoyan} and Matthew {Skrzypczyk} and Stephanie {Wehner}},
    journal = {Performance Evaluation},
    volume = {153},
    number = {},
    pages = {1--26},
    year = {2022},
    doi = {10.1016/j.peva.2021.102242},
}

@article{wehner_2018_stages,
    title = {{Quantum Internet: A Vision for the Road Ahead}},
    author = {Wehner, Stephanie and Elkouss, David and Hanson, Ronald},
    journal = {Science},
    volume = {362},
    number = {6412},
    pages = {1--9},
    year = {2018},
    doi = {10.1126/science.aam9288},
}

@article{stankiewicz_commag,
    title = {{QoX: What is It Really?}},
    author = {Rafal {Stankiewicz} and Piotr {Cho\l{}da} and Andrzej {Jajszczyk}},
    journal = {{IEEE Communications Magazine}},
    volume = {49},
    number = {4},
    pages = {148--158},
    year = {2011},
    doi = {10.1109/MCOM.2011.5741159},
}

@article{woodward_2021_gigahertz,
    title = {{Gigahertz Measurement-Device-Independent Quantum Key Distribution Using Directly
             Modulated Lasers}},
    author = {Woodward, Robert Ian and Lo, Y S and Pittaluga, M and Minder, M and Paraïso, T K and
              Lucamarini, M and Yuan, Z L and Shields, A J},
    journal = {npj Quantum Information},
    volume = {7},
    number = {1},
    pages = {1--6},
    year = {2021},
    doi = {10.1038/s41534-021-00394-2},
}

@article{wootters_1982_nocloning,
    title = {{A Single Quantum Cannot Be Cloned}},
    author = {Wootters, William K and Zurek, Wojciech H},
    journal = {Nature},
    volume = {299},
    number = {},
    pages = {802--803},
    year = {1982},
    doi = {10.1038/299802a0},
}

@article{yin_2017_satellite,
    title = {{Satellite-Based Entanglement Distribution Over 1200 Kilometers}},
    author = {Juan Yin and Yuan Cao and Yu-Huai Li and Sheng-Kai Liao and Liang Zhang and Ji-Gang
              Ren and Wen-Qi Cai and Wei-Yue Liu and Bo Li and Hui Dai and Guang-Bing Li and Qi-Ming
              Lu and Yun-Hong Gong and Yu Xu and Shuang-Lin Li and Feng-Zhi Li and Ya-Yun Yin and
              Zi-Qing Jiang and Ming Li and Jian-Jun Jia and Ge Ren and Dong He and Yi-Lin Zhou and
              Xiao-Xiang Zhang and Na Wang and Xiang Chang and Zhen-Cai Zhu and Nai-Le Liu and Yu-Ao
              Chen and Chao-Yang Lu and Rong Shu and Cheng-Zhi Peng and Jian-Yu Wang and Jian-Wei Pan
              },
    journal = {Science},
    volume = {356},
    number = {6343},
    pages = {1140--1144},
    year = {2017},
    doi = {10.1126/science.aan3211},
}

@article{yu_2013_three,
    title = {{Three-Intensity Decoy-State Method for Measurement-Device-Independent Quantum Key
             Distribution}},
    author = {Yu, Zong-Wen and Zhou, Yi-Heng and Wang, Xiang-Bin},
    journal = {Phys. Rev. A},
    volume = {88},
    number = {6},
    pages = {062339},
    year = {2013},
    doi = {10.1103/PhysRevA.88.062339},
}

@article{zhang_2022_diqkd,
    title = {{A Device-Independent Quantum Key Distribution System for Distant Users}},
    author = {Zhang, Wei and van Leent, Tim and Redeker, Kai and Garthoff, Robert and Schwonnek,
              René and Fertig, Florian and Eppelt, Sebastian and Rosenfeld, Wenjamin and Scarani,
              Valerio and Lim, Charles C-W and others},
    journal = {Nature},
    volume = {607},
    number = {7920},
    pages = {687--691},
    year = {2022},
    doi = {10.1038/s41586-022-04891-y},
}

@article{zhou_2016_making,
    title = {{Making the Decoy-State Measurement-Device-Independent Quantum Key Distribution
             Practically Useful}},
    author = {Zhou, Yi-Heng and Yu, Zong-Wen and Wang, Xiang-Bin},
    journal = {Phys. Rev. A},
    volume = {93},
    number = {4},
    pages = {042324},
    year = {2016},
    doi = {10.1103/PhysRevA.93.042324},
}

@inproceedings{aguado_2020_enabling,
    title = {{Enabling Quantum Key Distribution Networks via Software-Defined Networking}},
    author = {Aguado, Alejandro and López, Victor and Brito, Juan Pedro and Pastor, Antonio and
              López, Diego R. and Martin, Vicente},
    booktitle = {ONDM},
    publisher = {IEEE},
    pages = {1--5},
    year = {2020},
    doi = {10.23919/ONDM48393.2020.9133024},
}

@inproceedings{aparicio_2011_protocol,
    title = {{Protocol Design for Quantum Repeater Networks}},
    author = {Aparicio, Luciano and Van Meter, Rodney and Esaki, Hiroshi},
    booktitle = {AINTEC},
    publisher = {ACM},
    pages = {73--80},
    year = {2011},
    doi = {10.1145/2089016.2089029},
}

@inproceedings{benor_2005_byzantine,
    title = {{Fast Quantum Byzantine Agreement}},
    author = {Michael {Ben-Or} and Avinatan {Hassidim}},
    booktitle = {STOC},
    publisher = {ACM},
    pages = {481--485},
    year = {2005},
    doi = {10.1145/1060590.1060662},
}

@inproceedings{bernstein_2005_poly1305,
    title = {{The Poly1305-AES Message-Authentication Code}},
    author = {Bernstein, Daniel J},
    booktitle = {FSE},
    publisher = {Springer},
    pages = {32--49},
    year = {2005},
    doi = {10.1007/11502760_3},
}

@inproceedings{broadbent_2009_ubqc,
    title = {{Universal Blind Quantum Computation}},
    author = {Anne {Broadbent} and Joseph {Fitzsimons} and Elham {Kashefi}},
    booktitle = {FOCS},
    publisher = {IEEE},
    pages = {517--526},
    year = {2009},
    doi = {10.1109/FOCS.2009.36},
}

@inproceedings{dahlberg_2019_egp,
    title = {{A Link Layer Protocol for Quantum Networks}},
    author = {Axel {Dahlberg} and Matthew {Skrzypczyk} and Tim {Coopmans} and Leon {Wubben} and
              Filip {Rozpędek} and Matteo {Pompili} and Arian {Stolk} and Przemysław {Pawełczak} and
              Robert {Knegjens} and Julio {de Oliveira Filho} and Ronald {Hanson} and Stephanie {
              Wehner}},
    booktitle = {SIGCOMM},
    publisher = {ACM},
    pages = {159--173},
    year = {2019},
    doi = {10.1145/3341302.3342070},
}

@inproceedings{ferguson_2021_orion,
    title = {{Orion: Google's Software-Defined Networking Control Plane}},
    author = {Ferguson, Andrew D and others},
    booktitle = {NSDI},
    publisher = {USENIX Association},
    pages = {83--98},
    year = {2021},
    url = {https://www.usenix.org/conference/nsdi21/presentation/ferguson},
}

@inproceedings{fu_2017_microarch,
    title = {{An Experimental Microarchitecture for a Superconducting Quantum Processor}},
    author = {X. {Fu} and M. A. {Rol} and C. C. {Bultink} and J. {van Someren} and N. {Khammassi}
              and I. {Ashraf} and R. F. L. {Vermeulen} and J. C. {de Sterke} and W. J. {Vlothuizen}
              and R. N. {Schouten} and C. G. {Almudever} and L. {DiCarlo} and K. {Bertels}},
    booktitle = {MICRO},
    publisher = {ACM},
    pages = {813--825},
    year = {2017},
    doi = {10.1145/3123939.3123952},
}

@inproceedings{fu_2019_eqasm,
    title = {{eQASM: An Executable Quantum Instruction Set Architecture}},
    author = {X. {Fu} and L. {Riesebos} and M. A. {Rol} and J. {van Straten} and J. {van Someren}
              and N. {Khammassi} and I. {Ashraf} and R. F. L. {Vermeulen} and V. {Newsum} and K. K.
              L. {Loh} and J. C. {de Sterke} and W. J. {Vlothuizen} and R. N. {Schouten} and C. G. {
              Almudever} and L. {DiCarlo} and K. {Bertels}},
    booktitle = {HPCA},
    publisher = {IEEE},
    pages = {224--237},
    year = {2019},
    doi = {10.1109/HPCA.2019.00040},
}

@inproceedings{grover_1996_search,
    title = {{A Fast Quantum Mechanical Algorithm for Database Search}},
    author = {Grover, Lov K},
    booktitle = {STOC},
    publisher = {ACM},
    pages = {212--219},
    year = {1996},
    doi = {10.1145/237814.237866},
}

@inproceedings{kozlowski_2019_towards,
    title = {{Towards Large-Scale Quantum Networks}},
    author = {Kozlowski, Wojciech and Wehner, Stephanie},
    booktitle = {NANOCOM},
    publisher = {ACM},
    pages = {1--7},
    year = {2019},
    doi = {10.1145/3345312.3345497},
}

@inproceedings{kozlowski_2020_p4,
    title = {{A P4 Data Plane for the Quantum Internet}},
    author = {Kozlowski, Wojciech and Kuipers, Fernando and Wehner, Stephanie},
    booktitle = {EuroP4},
    publisher = {ACM},
    pages = {49--51},
    year = {2020},
    doi = {10.1145/3426744.3431321},
}

@inproceedings{kozlowski_2020_qnp,
    title = {{Designing a Quantum Network Protocol}},
    author = {Wojciech {Kozlowski} and Axel {Dahlberg} and Stephanie {Wehner}},
    booktitle = {CoNEXT},
    publisher = {ACM},
    pages = {1--16},
    year = {2020},
    doi = {10.1145/3386367.3431293},
}

@inproceedings{krovetz_2007_message,
    title = {{Message Authentication on 64-Bit Architectures}},
    author = {Krovetz, Ted},
    booktitle = {Selected Areas in Cryptography},
    publisher = {Springer},
    pages = {327--341},
    year = {2007},
    doi = {10.1007/978-3-540-74462-7_23},
}

@inproceedings{murali_2019_fullstack,
    title = {{Full-Stack, Real-System Quantum Computer Studies: Architectural Comparisons and Design
             Insights}},
    author = {Prakash {Murali} and Norbert Matthias {Linke} and Margaret {Martonosi} and Ali Javadi
              {Abhari} and Nhung Hong {Nguyen} and Cinthia Huerta {Alderete}},
    booktitle = {ISCA},
    publisher = {ACM},
    pages = {527--540},
    year = {2019},
    doi = {10.1145/3307650.3322273},
}

@inproceedings{shi_2020_concurrent,
    title = {{Concurrent Entanglement Routing for Quantum Networks: Model and Designs}},
    author = {Shi, Shouqian and Qian, Chen},
    booktitle = {SIGCOMM},
    publisher = {ACM},
    pages = {62--75},
    year = {2020},
    doi = {10.1145/3387514.3405853},
}

@inproceedings{shor_1994_algorithms,
    title = {{Algorithms for Quantum Computation: Discrete Logarithms and Factoring}},
    author = {Shor, Peter W},
    booktitle = {FOCS},
    publisher = {IEEE},
    pages = {124--134},
    year = {1994},
    doi = {10.1109/SFCS.1994.365700},
}

@unpublished{abrahams_2023_doa_noprint,
    title = {{Data Origin Authentication in the Quantum Network Protocol Stack}},
    author = {Abrahams, Joël S., and Delle Donne, Carlo, and Brussee, Paul, and Middelburg, Thomas,
              and Slater, Joshua, and Wehner, Stephanie},
    year = {2023},
    eprinttype = {arxiv},
    eprint = {xxxx.yyyy},
}

@unpublished{chakraborty_2019_distributed,
    title = {{Distributed Routing in a Quantum Internet}},
    author = {Kaushik {Chakraborty} and Filip {Rozpędek} and Axel {Dahlberg} and Stephanie {Wehner}},
    year = {2019},
    eprinttype = {arxiv},
    eprint = {1907.11630},
}

@unpublished{cross_2017_qasm,
    title = {{Open Quantum Assembly Language}},
    author = {Andrew W. {Cross} and Lev S. {Bishop} and John A. {Smolin} and Jay M. {Gambetta}},
    year = {2017},
    eprinttype = {arxiv},
    eprint = {1707.03429},
}

@unpublished{delledonne_2023_qnodeos_noprint,
    title = {{QNodeOS: An Operating System for Quantum Network Nodes}},
    author = {Delle Donne, C, and Pompili, M, and {van der Vecht}, B, and Hermans, S L N, and
              Skrzypczyk , M, and te Raa, I, and Ferreira, G M, and Montblanch, A R-P, and Iuliano, M
              , and Demetriou, N, and van Ommen, B, and Pawełczak, P, and Taminiau, T H, and
              Kozlowski , W, and Hanson, R, and Wehner, S},
    year = {2023},
    eprinttype = {arxiv},
    eprint = {xxxx.yyyy},
}

@unpublished{gu_2023_fendi,
    title = {{FENDI: High-Fidelity Entanglement Distribution in the Quantum Internet}},
    author = {Gu, Huayue and Li, Zhouyu and Yu, Ruozhou and Wang, Xiaojian and Zhou, Fangtong and
              Liu, Jianqing},
    year = {2023},
    eprinttype = {arxiv},
    eprint = {2301.08269},
}

@unpublished{illiano_2022_quantum,
    title = {{Quantum Internet Protocol Stack: a Comprehensive Survey}},
    author = {Illiano, Jessica and Caleffi, Marcello and Manzalini, Antonio and Cacciapuoti, Angela
              Sara},
    year = {2022},
    eprinttype = {arxiv},
    eprint = {2202.10894},
}

@unpublished{khammassi_2018_cqasm,
    title = {{cQASM v1.0: Towards a Common Quantum Assembly Language }},
    author = {N. {Khammassi} and G. G. {Guerreschi} and I. {Ashraf} and J. W. {Hogaboam} and C. G. {
              Almudever} and K. {Bertels}},
    year = {2018},
    eprinttype = {arxiv},
    eprint = {1805.09607},
}

@unpublished{kong_2021_origin,
    title = {Origin Pilot: a Quantum Operating System for Effecient Usage of Quantum Resources},
    author = {Weicheng {Kong} and Junchao {Wang} and Yongjian {Han} and Yuchun {Wu} and Yu {Zhang}
              and Menghan {Dou} and Yuan {Fang} and Guoping {Guo}},
    url = {https://arxiv.org/abs/2105.10730},
    year = {2021},
    eprinttype = {arxiv},
    eprint = {2105.10730},
}

@unpublished{mandil_2023_packet,
    title = {{Quantum Key Distribution in a Packet-Switched Network}},
    author = {Mandil, Reem and DiAdamo, Stephen and Qi, Bing and Shabani, Alireza},
    year = {2023},
    eprinttype = {arxiv},
    eprint = {2302.14005},
}

@unpublished{pouryousef_2022_overlay,
    title = {{A Quantum Overlay Network for Efficient Entanglement Distribution}},
    author = {Pouryousef, Shahrooz and Panigrahy, Nitish K. and Towsley, Don},
    year = {2022},
    eprinttype = {arxiv},
    eprint = {2212.01694},
}

@unpublished{schoute_2016_shortcuts,
    title = {{Shortcuts to Quantum Network Routing}},
    author = {Schoute, Eddie and Mancinska, Laura and Islam, Tanvirul and Kerenidis, Iordanis and
              Wehner, Stephanie},
    year = {2016},
    eprinttype = {arxiv},
    eprint = {1610.05238},
}

@unpublished{skrzypczyk_2021_arch,
    title = {{An Architecture for Meeting Quality-of-Service Requirements in Multi-User Quantum
             Networks}},
    author = {Matthew {Skrzypczyk} and Stephanie {Wehner}},
    year = {2021},
    eprinttype = {arxiv},
    eprint = {2111.13124},
}

@book{silberschatz_book_2014,
    title = {Operating Systems Concepts (Ninth Edition)},
    author = {Abraham {Silberschatz} and Peter B. {Galvin} and Greg {Gagne}},
    year = {2014},
    publisher = {Wiley},
}

@book{nielsen_chuang_2002,
    title = {Quantum Computation and Quantum Information},
    author = {Michael A. {Nielsen} and Isaac {Chuang}},
    year = {2002},
    publisher = {American Association of Physics Teachers},
}

@online{adwin,
    title = {{ADwin-Pro II}},
    organization = {J{\"a}ger GmbH},
    url = {https://www.adwin.de/us/produkte/proII.html},
    urldate = {2023-02-28},
    presort = {zz},
}

@online{deltaflow_os,
    title = {{Deltaflow.OS}},
    organization = {Riverlane},
    url = {https://www.riverlane.com/products/},
    urldate = {2023-02-28},
    presort = {zz},
}

@online{freertos,
    title = {{FreeRTOS Real-Time Operating System for Microcontrollers}},
    organization = {Amazon Web Services},
    url = {https://www.freertos.org/},
    urldate = {2023-02-28},
    presort = {zz},
}

@online{microzed,
    title = {{MicroZed Development Board}},
    organization = {Avnet},
    url = {https://www.avnet.com/wps/portal/us/products/avnet-boards/avnet-board-families/microzed/},
    urldate = {2023-02-28},
    presort = {zz},
}

@online{netqasm_sdk,
    title = {Net{QASM} {SDK}},
    organization = {QuTech},
    url = {https://github.com/QuTech-Delft/netqasm},
    urldate = {2023-02-28},
    presort = {zz},
}

@online{erpc,
    title = {eRPC (Embedded RPC)},
    organization = {Freescale Semiconductor, Inc.},
    url = {https://github.com/EmbeddedRPC/erpc},
    urldate = {2024-07-08},
    presort = {zz},
}

@online{whiterabbit,
    title = {{The White Rabbit Project}},
    organization = {CERN},
    url = {https://white-rabbit.web.cern.ch/},
    urldate = {2023-02-28},
    presort = {zz},
}

@article{teller2021heating,
  title={Heating of a trapped ion induced by dielectric materials},
  author={Teller, Markus and Fioretto, Dario A and Holz, Philip C and Schindler, Philipp and Messerer, Viktor and Sch{\"u}ppert, Klemens and Zou, Yueyang and Blatt, Rainer and Chiaverini, John and Sage, Jeremy and others},
  journal={Physical Review Letters},
  volume={126},
  number={23},
  pages={230505},
  year={2021},
  publisher={APS},
  doi={10.1103/PhysRevLett.126.230505}
}

@article{teller2023integrating,
  title={Integrating a fiber cavity into a wheel trap for strong ion--cavity coupling},
  author={Teller, Markus and Messerer, Viktor and Sch{\"u}ppert, Klemens and Zou, Yueyang and Fioretto, Dario A and Galli, Maria and Holz, Philip C and Reichel, Jakob and Northup, Tracy E},
  journal={AVS Quantum Science},
  volume={5},
  number={1},
  year={2023},
  publisher={AIP Publishing},
  doi={10.1116/5.0121534}
}

@online{ti_launchxl2_rm57l_2024,
    title = {{LAUNCHXL2}-{RM57L} Development Kit},
    author = {{Texas Instruments}},
    year = {2024},
    url = {https://www.ti.com/tool/LAUNCHXL2-RM57L},
    urldate = {2024-07-03},
    note = {Accessed: 2024-07-03}
}

@online{infineon_cy8ckit_143a_2024,
    title = {{CY8CKIT}-{143A} - {Infineon} {Technologies}},
    author = {{Infineon Technologies AG}},
    year = {2024},
    url = {https://www.infineon.com/cms/en/product/evaluation-boards/cy8ckit-143a/},
    urldate = {2024-07-03},
    language = {en},
    note = {Accessed: 2024-07-03}
}

@article{drmota_verifiable_2024,
	title = {Verifiable blind quantum computing with trapped ions and single photons},
	volume = {132},
	pages = {150604},
	number = {15},
	journaltitle = {Physical Review Letters},
	author = {Drmota, P and Nadlinger, DP and Main, D and Nichol, BC and Ainley, EM and Leichtle, Dominik and Mantri, A and Kashefi, Elham and Srinivas, R and Araneda, G and {others}},
	date = {2024},
	note = {Publisher: {APS}},
    doi = {10.1103/PhysRevLett.132.150604}
}

@thesis{nadlinger_device-independent_2022,
	title = {Device-independent key distribution between trapped-ion quantum network nodes},
	institution = {University of Oxford},
	type = {phdthesis},
	author = {Nadlinger, {DP}},
	date = {2022},
}

@article{hermans2022qubit,
  title={Qubit teleportation between non-neighbouring nodes in a quantum network},
  author={Hermans, SLN and Pompili, Matteo and Beukers, HKC and Baier, Simon and Borregaard, Johannes and Hanson, Ronald},
  journal={Nature},
  volume={605},
  number={7911},
  pages={663--668},
  year={2022},
  publisher={Nature Publishing Group UK London},
  doi={10.1038/s41586-022-04697-y}
}

@article{iuliano2024qubit,
  title={Qubit teleportation between a memory-compatible photonic time-bin qubit and a solid-state quantum network node},
  author={Iuliano, Mariagrazia and Slater, Marie-Christine and Stolk, Arian J and Weaver, Matthew J and Chakraborty, Tanmoy and Loukiantchenko, Elsie and Amaral, Gustavo Castro do and Alfasi, Nir and Sholkina, Mariya O and Tittel, Wolfgang and others},
  journal={arXiv preprint arXiv:2403.18581},
  year={2024},
  doi={10.48550/arXiv.2403.18581}
}

@article{matsukevich_quantum_2009,
	title = {Quantum teleportation between distant matter qubits},
	volume = {323},
	pages = {486--489},
	number = {5913},
	journaltitle = {Science},
	author = {Matsukevich, {DN} and Maunz, P and Hayes, D and Duan, L-M and Monroe, C},
	date = {2009},
	note = {Publisher: American Association for the Advancement of Science},
    doi = {10.1126/science.1167209}
}

@article{langenfeld_quantum_2021,
	title = {Quantum teleportation between remote qubit memories with only a single photon as a resource},
	volume = {126},
	pages = {130502},
	number = {13},
	journaltitle = {Physical Review Letters},
	author = {Langenfeld, Stefan and Welte, Stephan and Hartung, Lukas and Daiss, Severin and Thomas, Philip and Morin, Olivier and Distante, Emanuele and Rempe, Gerhard},
	date = {2021},
	note = {Publisher: {APS}},
    doi = {10.1103/PhysRevLett.126.130502}
}

@article{pfaff_unconditional_2014,
	title = {Unconditional quantum teleportation between distant solid-state quantum bits},
	volume = {345},
	pages = {532--535},
	number = {6196},
	journaltitle = {Science},
	author = {Pfaff, Wolfgang and Hensen, Bas J and Bernien, Hannes and van Dam, Suzanne B and Blok, Machiel S and Taminiau, Tim H and Tiggelman, Marijn J and Schouten, Raymond N and Markham, Matthew and Twitchen, Daniel J and {others}},
	date = {2014},
	note = {Publisher: American Association for the Advancement of Science},
    doi = {10.1126/science.1253512}
}

@article{chou_deterministic_2018,
	title = {Deterministic teleportation of a quantum gate between two logical qubits},
	volume = {561},
	pages = {368--373},
	number = {7723},
	journaltitle = {Nature},
	author = {Chou, Kevin S and Blumoff, Jacob Z and Wang, Christopher S and Reinhold, Philip C and Axline, Christopher J and Gao, Yvonne Y and Frunzio, Luigi and Devoret, {MH} and Jiang, Liang and Schoelkopf, {RJ}},
	date = {2018},
	note = {Publisher: Nature Publishing Group {UK} London},
    doi = {10.1038/s41586-018-0470-y}
}

@article{childress2013diamond,
  title={Diamond NV centers for quantum computing and quantum networks},
  author={Childress, Lilian and Hanson, Ronald},
  journal={MRS bulletin},
  volume={38},
  number={2},
  pages={134--138},
  year={2013},
  publisher={Cambridge University Press},
  doi={10.1557/mrs.2013.20 }
}

@phdthesis{fioretto_towards_2020,
    title = {Towards a flexible source for indistinguishable photons based on trapped ions and cavities},
    author = {Fioretto, {DA}},
    school = {University of Innsbruck},
    year = {2020}
}

@article{jing2019entanglement,
  title={Entanglement of three quantum memories via interference of three single photons},
  author={Jing, Bo and Wang, Xu-Jie and Yu, Yong and Sun, Peng-Fei and Jiang, Yan and Yang, Sheng-Jun and Jiang, Wen-Hao and Luo, Xi-Yu and Zhang, Jun and Jiang, Xiao and others},
  journal={Nature Photonics},
  volume={13},
  number={3},
  pages={210--213},
  year={2019},
  publisher={Nature Publishing Group UK London},
  doi={10.1038/s41566-018-0342-x}
}

@article{krutyanskiy_entanglement_2023,
	title = {Entanglement of trapped-ion qubits separated by 230 meters},
	volume = {130},
	pages = {050803},
	number = {5},
	journaltitle = {Physical Review Letters},
	author = {Krutyanskiy, V and Galli, M and Krcmarsky, V and Baier, S and Fioretto, DA and Pu, Y and Mazloom, A and Sekatski, P and Canteri, M and Teller, M and {others}},
	date = {2023},
	note = {Publisher: {APS}},
    doi = {10.1103/PhysRevLett.130.050803}
}

@article{liu2024creation,
  title={Creation of memory--memory entanglement in a metropolitan quantum network},
  author={Liu, Jian-Long and Luo, Xi-Yu and Yu, Yong and Wang, Chao-Yang and Wang, Bin and Hu, Yi and Li, Jun and Zheng, Ming-Yang and Yao, Bo and Yan, Zi and others},
  journal={Nature},
  volume={629},
  number={8012},
  pages={579--585},
  year={2024},
  publisher={Nature Publishing Group UK London},
  doi={10.1038/s41586-024-07308-0}
}

@article{stolk2024metropolitan,
  title={Metropolitan-scale heralded entanglement of solid-state qubits},
  author={Stolk, Arian J and van der Enden, Kian L and Slater, Marie-Christine and Raa-Derckx, Ingmar te and Botma, Pieter and van Rantwijk, Joris and Biemond, Benjamin and Hagen, Ronald AJ and Herfst, Rodolf W and Koek, Wouter D and others},
  journal={arXiv preprint arXiv:2404.03723},
  year={2024},
  doi={10.48550/arXiv.2404.03723}
}

@article{knaut2024entanglement,
  title={Entanglement of nanophotonic quantum memory nodes in a telecom network},
  author={Knaut, CM and Suleymanzade, A and Wei, Y-C and Assumpcao, DR and Stas, P-J and Huan, YQ and Machielse, B and Knall, EN and Sutula, M and Baranes, G and others},
  journal={Nature},
  volume={629},
  number={8012},
  pages={573--578},
  year={2024},
  publisher={Nature Publishing Group UK London},
  doi={10.1038/s41586-024-07252-z}
}

@article{poremba_quantum_2022,
	title = {Quantum proofs of deletion for learning with errors},
	journaltitle = {{arXiv} preprint {arXiv}:2203.01610},
	author = {Poremba, Alexander},
	date = {2022},
    doi = {10.48550/arXiv.2203.01610}
}

@article{guerin_exponential_2016,
	title = {Exponential communication complexity advantage from quantum superposition of the direction of communication},
	volume = {117},
	pages = {100502},
	number = {10},
	journaltitle = {Physical review letters},
	author = {Guérin, Philippe Allard and Feix, Adrien and Araújo, Mateus and Brukner, Časlav},
	date = {2016},
	note = {Publisher: {APS}},
    doi = {10.1103/PhysRevLett.117.100502}
}

@incollection{castells_impact_2013,
	location = {Madrid},
	title = {The Impact of the Internet on Society: A Global Perspective},
	booktitle = {Ch@nge: 19 Key Essays on How the Internet Is Changing Our Lives},
	publisher = {{BBVA}},
	author = {Castells, Manuel},
	date = {2013},
}

@online{noauthor_quantum_2024,
	title = {Quantum Software Development Kits in 2024},
	url = {https://research.aimultiple.com/quantum-sdk/},
	abstract = {Learn what quantum development kit is, and what the top 11 ones on the market in 2022 are.},
	titleaddon = {{AIMultiple}: High Tech Use Cases \& Tools to Grow Your Business},
	urldate = {2024-07-11},
	date = {2024},
	langid = {english},
}

@article{ma_qenclave-practical_2022,
	title = {{QEnclave}-A practical solution for secure quantum cloud computing},
	volume = {8},
	pages = {128},
	number = {1},
	journaltitle = {npj Quantum Information},
	author = {Ma, Yao and Kashefi, Elham and Arapinis, Myrto and Chakraborty, Kaushik and Kaplan, Marc},
	date = {2022},
	note = {Publisher: Nature Publishing Group {UK} London},
    doi = {10.1038/s41534-022-00612-5}
}

@article{botelho_error_2022,
	title = {Error mitigation for variational quantum algorithms through mid-circuit measurements},
	volume = {105},
	pages = {022441},
	number = {2},
	journaltitle = {Physical Review A},
	author = {Botelho, Ludmila and Glos, Adam and Kundu, Akash and Miszczak, Jarosław Adam and Salehi, Özlem and Zimborás, Zoltán},
	date = {2022},
	note = {Publisher: {APS}},
    doi = {10.1103/PhysRevA.105.022441}
}

@article{bharti_noisy_2022,
	title = {Noisy intermediate-scale quantum algorithms},
	volume = {94},
	url = {https://link.aps.org/doi/10.1103/RevModPhys.94.015004},
	doi = {10.1103/RevModPhys.94.015004},
	abstract = {A universal fault-tolerant quantum computer that can efficiently solve problems such as integer factorization and unstructured database search requires millions of qubits with low error rates and long coherence times. While the experimental advancement toward realizing such devices will potentially take decades of research, noisy intermediate-scale quantum ({NISQ}) computers already exist. These computers are composed of hundreds of noisy qubits, i.e., qubits that are not error corrected, and therefore perform imperfect operations within a limited coherence time. In the search for achieving quantum advantage with these devices, algorithms have been proposed for applications in various disciplines spanning physics, machine learning, quantum chemistry, and combinatorial optimization. The overarching goal of such algorithms is to leverage the limited available resources to perform classically challenging tasks. In this review, a thorough summary of {NISQ} computational paradigms and algorithms is provided. The key structure of these algorithms and their limitations and advantages are discussed. A comprehensive overview of various benchmarking and software tools useful for programming and testing {NISQ} devices is additionally provided.},
	pages = {015004},
	number = {1},
	journaltitle = {Reviews of Modern Physics},
	shortjournal = {Rev. Mod. Phys.},
	author = {Bharti, Kishor and Cervera-Lierta, Alba and Kyaw, Thi Ha and Haug, Tobias and Alperin-Lea, Sumner and Anand, Abhinav and Degroote, Matthias and Heimonen, Hermanni and Kottmann, Jakob S. and Menke, Tim and Mok, Wai-Keong and Sim, Sukin and Kwek, Leong-Chuan and Aspuru-Guzik, Alán},
	urldate = {2024-07-10},
	date = {2022-02-15},
	note = {Publisher: American Physical Society},
}

@article{bertels_quantum_2020,
	title = {Quantum computer architecture toward full-stack quantum accelerators},
	volume = {1},
	pages = {1--17},
	journaltitle = {{IEEE} Transactions on Quantum Engineering},
	author = {Bertels, {KOEN} and Sarkar, Aritra and Hubregtsen, Thomas and Serrao, M and Mouedenne, Abid A and Yadav, Amitabh and Krol, A and Ashraf, Imran and Almudever, C Garcia},
	date = {2020},
	note = {Publisher: {IEEE}},
    doi = {10.1109/TQE.2020.2981074}
}

@article{giortamis_qos_2024,
	title = {{QOS}: A Quantum Operating System},
	journaltitle = {{arXiv} preprint {arXiv}:2406.19120},
	author = {Giortamis, Emmanouil and Romão, Francisco and Tornow, Nathaniel and Bhatotia, Pramod},
	date = {2024},
    doi = {10.48550/arXiv.2406.19120}
}

@article{drmota_robust_2023,
	title = {Robust quantum memory in a trapped-ion quantum network node},
	volume = {130},
	pages = {090803},
	number = {9},
	journaltitle = {Physical Review Letters},
	author = {Drmota, Peter and Main, Dougal and Nadlinger, DP and Nichol, BC and Weber, MA and Ainley, EM and Agrawal, Ayush and Srinivas, Raghavendra and Araneda, Gabriel and Ballance, CJ and {others}},
	date = {2023},
	note = {Publisher: {APS}},
    doi = {10.1103/PhysRevLett.130.090803}
}

@article{krutyanskiy_light-matter_2019,
	title = {Light-matter entanglement over 50 km of optical fibre},
	volume = {5},
	pages = {72},
	number = {1},
	journaltitle = {npj Quantum Information},
	author = {Krutyanskiy, Viktor and Meraner, Martin and Schupp, Josef and Krcmarsky, Vojtech and Hainzer, Helene and Lanyon, Ben P},
	date = {2019},
	note = {Publisher: Nature Publishing Group {UK} London},
    doi = {10.1038/s41534-019-0186-3}
}

@article{caleffi_distributed_2022,
	title = {Distributed quantum computing: a survey},
	journaltitle = {{arXiv} preprint {arXiv}:2212.10609},
	author = {Caleffi, Marcello and Amoretti, Michele and Ferrari, Davide and Cuomo, Daniele and Illiano, Jessica and Manzalini, Antonio and Cacciapuoti, Angela Sara},
	date = {2022},
    doi = {10.48550/arXiv.2212.10609}
}

@inproceedings{mccullough_design_1965-1,
	title = {A design for a multiple user multiprocessing system},
	pages = {611--617},
	booktitle = {Proceedings of the November 30–December 1, 1965, fall joint computer conference, part I},
	author = {{McCullough}, James D and Speierman, Kermith H and Zurcher, Frank W},
	date = {1965},
    doi = {10.1145/1463891.1463957}
}

@article{dennis_segmentation_1965,
	title = {Segmentation and the design of multiprogrammed computer systems},
	volume = {12},
	pages = {589--602},
	number = {4},
	journaltitle = {Journal of the {ACM} ({JACM})},
	author = {Dennis, Jack B},
	date = {1965},
	note = {Publisher: {ACM} New York, {NY}, {USA}},
    doi = {10.1145/321296.321310}
}

@article{dennis_programming_1966-1,
	title = {Programming semantics for multiprogrammed computations},
	volume = {9},
	pages = {143--155},
	number = {3},
	journaltitle = {Communications of the {ACM}},
	author = {Dennis, Jack B and Van Horn, Earl C},
	date = {1966},
	note = {Publisher: {ACM} New York, {NY}, {USA}},
    doi = {10.1145/365230.365252}
}

@book{tanenbaum_operating_2005,
	location = {{USA}},
	title = {Operating Systems Design and Implementation (3rd Edition)},
	isbn = {978-0-13-142938-3},
	publisher = {Prentice-Hall, Inc.},
	author = {Tanenbaum, Andrew S and Woodhull, Albert S},
	date = {2005-11},
}

@online{zurich_instruments_hdawg_2019,
	title = {{HDAWG} 750 {MHz} Arbitrary Waveform Generator},
	url = {https://www.zhinst.com/europe/en/products/hdawg-arbitrary-waveform-generator},
	titleaddon = {{HDAWG} 750 {MHz} Arbitrary Waveform Generator},
	author = {Zurich Instruments},
	date = {2019},
}

@article{daley_virtual_1968-1,
	title = {Virtual memory, processes, and sharing in Multics},
	volume = {11},
	pages = {306--312},
	number = {5},
	journaltitle = {Communications of the {ACM}},
	author = {Daley, Robert C and Dennis, Jack B},
	date = {1968},
	note = {Publisher: {ACM} New York, {NY}, {USA}},
    doi = {10.1145/363095.363139}
}

@book{peterson_operating_1985,
	title = {Operating system concepts},
	publisher = {Addison-Wesley Longman Publishing Co., Inc.},
	author = {Peterson, James L and Silberschatz, Abraham},
	date = {1985},
    doi = {10.5555/3526}
}

@article{chesson_network_1975-1,
	title = {The network {UNIX} system},
	volume = {9},
	pages = {60--66},
	number = {5},
	journaltitle = {{ACM} {SIGOPS} Operating Systems Review},
	author = {Chesson, Gregory L},
	date = {1975},
	note = {Publisher: {ACM} New York, {NY}, {USA}},
    doi = {10.1145/1067629.806522}
}

@article{leach_architecture_1983,
	title = {The architecture of an integrated local network},
	volume = {1},
	pages = {842--857},
	number = {5},
	journaltitle = {{IEEE} Journal on selected Areas in Communications},
	author = {Leach, Paul and Levine, Paul and Douros, Bryan and Hamilton, James and Nelson, David and Stumpf, Bernard},
	date = {1983},
	note = {Publisher: {IEEE}},
    doi = {10.1109/JSAC.1983.1146002}
}

@article{massar_optimal_1995,
	title = {Optimal extraction of information from finite quantum ensembles},
	volume = {74},
	pages = {1259},
	number = {8},
	journaltitle = {Physical review letters},
	author = {Massar, Serge and Popescu, Sandu},
	date = {1995},
	note = {Publisher: {APS}},
    doi = {10.1103/PhysRevLett.74.1259}
}

@article{ramamritham_scheduling_1994,
	title = {Scheduling algorithms and operating systems support for real-time systems},
	volume = {82},
	pages = {55--67},
	number = {1},
	journaltitle = {Proceedings of the {IEEE}},
	author = {Ramamritham, Krithi and Stankovic, John A},
	date = {1994},
	note = {Publisher: {IEEE}},
    doi = {10.1109/5.259426}
}

@article{de_lange_universal_2010,
	title = {Universal dynamical decoupling of a single solid-state spin from a spin bath},
	volume = {330},
	pages = {60--63},
	number = {6000},
	journaltitle = {Science},
	author = {De Lange, G and Wang, {ZH} and Riste, D and Dobrovitski, {VV} and Hanson, R},
	date = {2010},
	note = {Publisher: American Association for the Advancement of Science},
    doi = {10.1126/science.1192739}
}

@online{corna_efficient_2021,
	title = {Efficient Generation of Dynamic Pulses},
	url = {https://www.zhinst.com/europe/en/blogs/efficient-generation-dynamic-pulses},
	author = {Corna, Andrea},
	date = {2021},
}

@thesis{teller_measuring_2021,
	title = {Measuring and modeling electric-field noise in an ion-cavity system ({PhD} thesis)},
	url = {https://resolver.obvsg.at/urn:nbn:at:at-ubi:1-90870},
	institution = {University of Innsbruck},
	type = {phdthesis},
	author = {Teller, Markus},
	date = {2021-07},
}

@book{paris_quantum_2004,
	title = {Quantum state estimation},
	volume = {649},
	publisher = {Springer Science \& Business Media},
	author = {Paris, Matteo and Rehacek, Jaroslav},
	date = {2004},
}

@article{cabrillo1999creation,
  title={Creation of entangled states of distant atoms by interference},
  author={Cabrillo, Carlos and Cirac, J Ignacio and Garcia-Fernandez, Pablo and Zoller, Peter},
  journal={Physical Review A},
  volume={59},
  number={2},
  pages={1025},
  year={1999},
  publisher={APS},
  doi={10.1103/PhysRevA.59.1025}
}

@article{bose1999proposal,
  title={Proposal for teleportation of an atomic state via cavity decay},
  author={Bose, S and Knight, PL and Plenio, MB\&amp and Vedral, V},
  journal={Physical Review Letters},
  volume={83},
  number={24},
  pages={5158},
  year={1999},
  publisher={APS},
  doi={10.1103/PhysRevLett.83.5158}
}

@article{hermans2023entangling,
  title={Entangling remote qubits using the single-photon protocol: an in-depth theoretical and experimental study},
  author={Hermans, SLN and Pompili, Matteo and Martins, L Dos Santos and Montblanch, A RP and Beukers, HKC and Baier, Simon and Borregaard, Johannes and Hanson, Ronald},
  journal={New Journal of Physics},
  volume={25},
  number={1},
  pages={013011},
  year={2023},
  publisher={IOP Publishing},
  doi={10.1088/1367-2630/acb004}
}

@article{robledo2010control,
  title={Control and Coherence of the Optical Transition of Single Nitrogen-Vacancy Centers in Diamond},
  author={Robledo, Lucio and Bernien, Hannes and Van Weperen, Ilse and Hanson, Ronald},
  journal={Physical review letters},
  volume={105},
  number={17},
  pages={177403},
  year={2010},
  publisher={APS},
  doi={10.1103/PhysRevLett.105.177403}
}

