@article{dahlberg2022netqasm,
  title={NetQASMâ€”a low-level instruction set architecture for hybrid quantum--classical programs in a quantum internet},
  author={Dahlberg, Axel and van der Vecht, Bart and Delle Donne, Carlo and Skrzypczyk, Matthew and te Raa, Ingmar and Kozlowski, Wojciech and Wehner, Stephanie},
  journal={Quantum Science and Technology},
  volume={7},
  number={3},
  pages={035023},
  year={2022},
  publisher={IOP Publishing},
  doi={10.1088/2058-9565/ac753f}
}
@misc{qoala2023simulator,
  title = {Simulator implementation and data files used for evaluation. {T}o be fully published as open-source upon acceptance of this work},
  url = {https://github.com/plokm09/asplos24-submission-code}
}
@article{wehner2018quantum,
  title={Quantum internet: A vision for the road ahead},
  author={Wehner, Stephanie and Elkouss, David and Hanson, Ronald},
  journal={Science},
  volume={362},
  number={6412},
  pages={eaam9288},
  year={2018},
  publisher={American Association for the Advancement of Science},
  doi={10.1126/science.aam9288}
}
@article{vardoyan2022quantum,
  title={On the quantum performance evaluation of two distributed quantum architectures},
  author={Vardoyan, Gayane and Skrzypczyk, Matthew and Wehner, Stephanie},
  journal={ACM SIGMETRICS Performance Evaluation Review},
  volume={49},
  number={3},
  pages={30--31},
  year={2022},
  publisher={ACM New York, NY, USA},
  doi={10.1145/3529113.3529123}
}
@article{diadamo2021distributed,
  title={Distributed quantum computing and network control for accelerated vqe},
  author={DiAdamo, Stephen and Ghibaudi, Marco and Cruise, James},
  journal={IEEE Transactions on Quantum Engineering},
  volume={2},
  pages={1--21},
  year={2021},
  publisher={IEEE},
  doi={10.1109/TQE.2021.3057908}
}

@article{liu2022layer,
  title={Layer VQE: A variational approach for combinatorial optimization on noisy quantum computers},
  author={Liu, Xiaoyuan and Angone, Anthony and Shaydulin, Ruslan and Safro, Ilya and Alexeev, Yuri and Cincio, Lukasz},
  journal={IEEE Transactions on Quantum Engineering},
  volume={3},
  pages={1--20},
  year={2022},
  publisher={IEEE},
  doi={10.1109/TQE.2021.3140190}
}
@article{farhi2014quantum,
  title={A quantum approximate optimization algorithm},
  author={Farhi, Edward and Goldstone, Jeffrey and Gutmann, Sam},
  journal={arXiv preprint arXiv:1411.4028},
  year={2014},
  doi={10.48550/arXiv.1411.4028}
}
@article{cacciapuoti2019quantum,
  title={Quantum internet: networking challenges in distributed quantum computing},
  author={Cacciapuoti, Angela Sara and Caleffi, Marcello and Tafuri, Francesco and Cataliotti, Francesco Saverio and Gherardini, Stefano and Bianchi, Giuseppe},
  journal={IEEE Network},
  volume={34},
  number={1},
  pages={137--143},
  year={2019},
  publisher={IEEE},
  doi={10.1109/MNET.001.1900092}
}
@article{ovide2023mapping,
  title={Mapping quantum algorithms to multi-core quantum computing architectures},
  author={Ovide, Anabel and Rodrigo, Santiago and Bandic, Medina and Van Someren, Hans and Feld, Sebastian and Abadal, Sergi and Alarcon, Eduard and Almudever, Carmen},
  journal={arXiv preprint arXiv:2303.16125},
  year={2023},
  doi={10.48550/arXiv.2303.16125}
}
@article{jnane2022multicore,
  title={Multicore quantum computing},
  author={Jnane, Hamza and Undseth, Brennan and Cai, Zhenyu and Benjamin, Simon and Koczor, B{\'a}lint},
  journal={Physical Review Applied},
  volume={18},
  number={4},
  pages={044064},
  year={2022},
  publisher={APS},
  doi={10.1103/PhysRevApplied.18.044064}
}
@article{pompili2022experimental,
  title={Experimental demonstration of entanglement delivery using a quantum network stack},
  author={Pompili, Matteo and Delle Donne, Carlo and te Raa, Ingmar and van der Vecht, Bart and Skrzypczyk, Matthew and Ferreira, Guilherme and de Kluijver, Lisa and Stolk, Arian and Hermans, Sophie and Pawe{\l}czak, Przemys{\l}aw and Kozlowski, Wojciech and Hanson, Ronald and Wehner, Stephanie},
  journal={npj Quantum Information},
  volume={8},
  number={1},
  pages={121},
  year={2022},
  publisher={Nature Publishing Group UK London},
  doi={10.1038/s41534-022-00631-2}
}
@article{liu1973scheduling,
  title={Scheduling algorithms for multiprogramming in a hard-real-time environment},
  author={Liu, Chung Laung and Layland, James},
  journal={Journal of the ACM (JACM)},
  volume={20},
  number={1},
  pages={46--61},
  year={1973},
  publisher={ACM New York, NY, USA},
  doi={10.1145/321738.321743}
}
@inproceedings{hambarde2014survey,
  title={The survey of real time operating system: RTOS},
  author={Hambarde, Prasanna and Varma, Rachit and Jha, Shivani},
  booktitle={2014 International Conference on Electronic Systems, Signal Processing and Computing Technologies},
  pages={34--39},
  year={2014},
  organization={IEEE},
  doi={10.1109/ICESC.2014.15}
}
@book{buttazzo2011hard,
  title={Hard real-time computing systems: predictable scheduling algorithms and applications},
  author={Buttazzo, Giorgio},
  volume={24},
  year={2011},
  publisher={Springer Science \& Business Media},
}
@phdthesis{carlothesis,
    title    = {Software Abstractions for Programmable Quantum Network Nodes},
    school   = {Delft University of Technology},
    author   = {Carlo Delle Donne},
    year     = {2023}, 
    note     = {Chapters 3 and 5. Also private communication.},
  doi={10.4233/uuid:11fac685-6a2d-46eb-b15e-6d05fdcd9f1b}
}
@article{coopmans2021netsquid,
  title={Netsquid, a network simulator for quantum information using discrete events},
  author={Coopmans, Tim and Knegjens, Robert and Dahlberg, Axel and Maier, David and Nijsten, Loek and de Oliveira Filho, Julio and Papendrecht, Martijn and Rabbie, Julian and Roz{\k{e}}pdek, Filip and Skrzypczyk, Matthew and Wubben, Leon and de Jong, Walter and Podareanu, Damian and Torres-Knoop, Ariana and Elkouss, David and Wehner, Stephanie},
  journal={Communications Physics},
  volume={4},
  number={1},
  pages={164},
  year={2021},
  publisher={Nature Publishing Group UK London},
  doi={10.1038/s42005-021-00647-8}
}
@misc{squidasmrepo,
  author = {QuTech},
  title = {Squid{A}{S}{M}},
  year = {2022},
  publisher = {GitHub},
  journal = {GitHub repository},
  howpublished = {https://github.com/QuTech-Delft/squidasm},
}
@article{diadamo2021qunetsim,
  title={Qu{N}et{S}im: A software framework for quantum networks},
  author={DiAdamo, Stephen and N{\"o}tzel, Janis and Zanger, Benjamin and Be{\c{s}}e, Mehmet Mert},
  journal={IEEE Transactions on Quantum Engineering},
  volume={2},
  pages={1--12},
  year={2021},
  publisher={IEEE},
  doi={10.1109/TQE.2021.3092395}
}
@misc{QNET,
      title = {{Quantum NETwork in Baidu Quantum Platform}},
      year = {2022},
      url = {https://quantum-hub.baidu.com/qnet/}
}
@inproceedings{satoh2022quisp,
  title={Qu{I}{S}{P}: a quantum internet simulation package},
  author={Satoh, Ryosuke and Hajdu{\v{s}}ek, Michal and Benchasattabuse, Naphan and Nagayama, Shota and Teramoto, Kentaro and Matsuo, Takaaki and Metwalli, Sara Ayman and Pathumsoot, Poramet and Satoh, Takahiko and Suzuki, Shigeya and Van Meter, Rodney},
  booktitle={2022 IEEE International Conference on Quantum Computing and Engineering (QCE)},
  pages={353--364},
  year={2022},
  organization={IEEE},
  doi={10.1109/QCE53715.2022.00056}
}
@incollection{dahlberg2019link,
  title={A link layer protocol for quantum networks},
  author={Dahlberg, Axel and Skrzypczyk, Matthew and Coopmans, Tim and Wubben, Leon and Rozp{\k{e}}dek, Filip and Pompili, Matteo and Stolk, Arian and Pawe{\l}czak, Przemys{\l}aw and Knegjens, Robert and de Oliveira Filho, Julio and Hanson, Ronald and Wehner, Stephanie},
  booktitle={Proceedings of the ACM special interest group on data communication},
  pages={159--173},
  year={2019},
  doi={10.1145/3341302.3342070}
}
@inproceedings{kozlowski2020designing,
  title={Designing a quantum network protocol},
  author={Kozlowski, Wojciech and Dahlberg, Axel and Wehner, Stephanie},
  booktitle={Proceedings of the 16th international conference on emerging networking experiments and technologies},
  pages={1--16},
  year={2020},
  doi={10.1145/3386367.3431293}
}
@unpublished{network-scheduling,
    title = {An Architecture for scheduling network and local operations in a small-scale Quantum Network},
    year = {2023},
    author = {Beauchamp, Thomas and Jirovsk\'{a}, Hana and Wehner, Stephanie},
    note = {In preparation. Private communication}
}
@article{leichtle2021verifying,
  title={Verifying {B}{Q}{P} computations on noisy devices with minimal overhead},
  author={Leichtle, Dominik and Music, Luka and Kashefi, Elham and Ollivier, Harold},
  journal={PRX Quantum},
  volume={2},
  number={4},
  pages={040302},
  year={2021},
  publisher={APS},
  doi={10.1103/PRXQuantum.2.040302}
}
@article{skrzypczyk2021architecture,
  title={An architecture for meeting quality-of-service requirements in multi-user quantum networks},
  author={Skrzypczyk, Matthew and Wehner, Stephanie},
  journal={arXiv preprint arXiv:2111.13124},
  year={2021},
  doi={10.48550/arXiv.2111.13124}
}
@article{topcuoglu2002performance,
  title={Performance-effective and low-complexity task scheduling for heterogeneous computing},
  author={Topcuoglu, Haluk and Hariri, Salim and Wu, Min-You},
  journal={IEEE transactions on parallel and distributed systems},
  volume={13},
  number={3},
  pages={260--274},
  year={2002},
  publisher={IEEE},
  doi={10.1109/71.993206}
}
@article{baruah2011scheduling,
  title={Scheduling real-time mixed-criticality jobs},
  author={Baruah, Sanjoy and Bonifaci, Vincenzo and d'Angelo, Gianlorenzo and Li, Haohan and Marchetti-Spaccamela, Alberto and Megow, Nicole and Stougie, Leen},
  journal={IEEE Transactions on Computers},
  volume={61},
  number={8},
  pages={1140--1152},
  year={2011},
  publisher={IEEE},
  doi={10.1109/TC.2011.142}
}
@inproceedings{andersson2006multiprocessor,
  title={Multiprocessor scheduling with few preemptions},
  author={Andersson, Bj{\"o}rn and Tovar, Eduardo},
  booktitle={12th IEEE International Conference on Embedded and Real-Time Computing Systems and Applications (RTCSA'06)},
  pages={322--334},
  year={2006},
  organization={IEEE},
  doi={10.1109/RTCSA.2006.45}
}
@inproceedings{polychronopoulos1991hierarchical,
  title={The hierarchical task graph and its use in auto-scheduling},
  author={Polychronopoulos, Constantine},
  booktitle={Proceedings of the 5th International Conference on Supercomputing},
  pages={252--263},
  year={1991},
  doi={10.1145/109025.109089}
}
@article{girkar1994hierarchical,
  title={The hierarchical task graph as a universal intermediate representation},
  author={Girkar, Milind and Polychronopoulos, Constantine},
  journal={International Journal of Parallel Programming},
  volume={22},
  number={5},
  pages={519--551},
  year={1994},
  publisher={Springer},
  doi={10.1007/BF02577777}
}
@article{bradley2019ten,
  title={A ten-qubit solid-state spin register with quantum memory up to one minute},
  author={Bradley, Conor and Randall, Joe and Abobeih, Mohamed and Berrevoets, Remon and Degen, Maarten and Bakker, Michiel and Markham, Matthew and Twitchen, Daniel and Taminiau, Tim},
  journal={Physical Review X},
  volume={9},
  number={3},
  pages={031045},
  year={2019},
  publisher={APS},
  doi={10.1103/PhysRevX.9.031045}
}
@article{hermans2022qubit,
  title={Qubit teleportation between non-neighbouring nodes in a quantum network},
  author={Hermans, Sophie and Pompili, Matteo and Beukers, Hans and Baier, Simon and Borregaard, Johannes and Hanson, Ronald},
  journal={Nature},
  volume={605},
  number={7911},
  pages={663--668},
  year={2022},
  publisher={Nature Publishing Group UK London},
  doi={10.1038/s41586-022-04697-y}
}
@article{krutyanskiy2023telecom,
  title={Telecom-wavelength quantum repeater node based on a trapped-ion processor},
  author={Krutyanskiy, Victor and Canteri, Marco and Meraner, Martin and Bate, James and Krcmarsky, Vojtech and Schupp, Josef and Sangouard, Nicolas and Lanyon, Ben},
  journal={Physical Review Letters},
  volume={130},
  number={21},
  pages={213601},
  year={2023},
  publisher={APS},
  doi={10.1103/PhysRevLett.130.213601}
}
@article{bennett2014quantum,
  title={Quantum cryptography: Public key distribution and coin tossing},
  author={Bennett, Charles and Brassard, Gilles},
  journal={Theoretical computer science},
  volume={560},
  pages={7--11},
  year={2014},
  publisher={Elsevier},
  doi={10.1016/j.tcs.2014.05.025}
}
@article{ekert1991quantum,
  title={Quantum cryptography based on Bellâ€™s theorem},
  author={Ekert, Artur},
  journal={Physical review letters},
  volume={67},
  number={6},
  pages={661},
  year={1991},
  publisher={APS},
  doi={10.1103/PhysRevLett.67.661}
}
@inproceedings{broadbent2009universal,
  title={Universal blind quantum computation},
  author={Broadbent, Anne and Fitzsimons, Joseph and Kashefi, Elham},
  booktitle={2009 50th annual IEEE symposium on foundations of computer science},
  pages={517--526},
  year={2009},
  organization={IEEE},
  doi={10.1109/FOCS.2009.36}
}
@article{arrighi2006blind,
  title={Blind quantum computation},
  author={Arrighi, Pablo and Salvail, Louis},
  journal={International Journal of Quantum Information},
  volume={4},
  number={05},
  pages={883--898},
  year={2006},
  publisher={World Scientific},
  doi={10.1142/S0219749906002171}
}
@article{kimble2008quantum,
  title={The quantum internet},
  author={Kimble, Harry Jeffrey},
  journal={Nature},
  volume={453},
  number={7198},
  pages={1023--1030},
  year={2008},
  publisher={Nature Publishing Group UK London},
  doi={10.1038/nature07127}
}
@article{drmota2023robust,
  title={Robust quantum memory in a trapped-ion quantum network node},
  author={Drmota, Peter and Main, Dougal and Nadlinger, David and Nichol, Bethan and Weber, Marius Alfons and Ainley, Ellis and Agrawal, Ayush and Srinivas, Raghavendra and Araneda, Gabriel and Ballance, Chris and Lucas, David},
  journal={Physical Review Letters},
  volume={130},
  number={9},
  pages={090803},
  year={2023},
  publisher={APS},
  doi={10.1103/PhysRevLett.130.090803}
}
@inproceedings{lattner2004llvm,
  title={L{L}{V}{M}: A compilation framework for lifelong program analysis \& transformation},
  author={Lattner, Chris and Adve, Vikram},
  booktitle={International symposium on code generation and optimization, 2004. CGO 2004.},
  pages={75--86},
  year={2004},
  organization={IEEE},
  doi={10.1109/CGO.2004.1281665}
}
@inproceedings{lattner2021mlir,
  title={M{L}{I}{R}: Scaling compiler infrastructure for domain specific computation},
  author={Lattner, Chris and Amini, Mehdi and Bondhugula, Uday and Cohen, Albert and Davis, Andy and Pienaar, Jacques and Riddle, River and Shpeisman, Tatiana and Vasilache, Nicolas and Zinenko, Oleksandr},
  booktitle={2021 IEEE/ACM International Symposium on Code Generation and Optimization (CGO)},
  pages={2--14},
  year={2021},
  organization={IEEE},
  doi={10.1109/CGO51591.2021.9370308}
}
@article{pompili2021realization,
  title={Realization of a multinode quantum network of remote solid-state qubits},
  author={Pompili, Matteo and Hermans, Sophie and Baier, Simon and Beukers, Hans and Humphreys, Peter and Schouten, Raymond and Vermeulen, Raymond and Tiggelman, Marijn and dos Santos Martins, Laura and Dirkse, Bas and Wehner, Stephanie and Hanson, Ronald},
  journal={Science},
  volume={372},
  number={6539},
  pages={259--264},
  year={2021},
  publisher={American Association for the Advancement of Science},
  doi={10.1126/science.abg1919}
}
@article{krutyanskiy2023entanglement,
  title={Entanglement of trapped-ion qubits separated by 230 meters},
  author={Krutyanskiy, Viktor and Galli, Maria and Krcmarsky, Vojtech and Baier, Simon and Fioretto, Dario and Pu, Yunfei and Mazloom, Azadeh and Sekatski, Pavel and Canteri, Marco and Teller, Markus and Schupp, Josef and Bate, James and Meraner, Martin and Sangouard, Nicolas and Lanyon, Ben and Northup, Tracy},
  journal={Physical Review Letters},
  volume={130},
  number={5},
  pages={050803},
  year={2023},
  publisher={APS},
  doi={10.1103/PhysRevLett.130.050803}
}
@article{wei2022towards,
  title={Towards real-world quantum networks: a review},
  author={Wei, Shi-Hai and Jing, Bo and Zhang, Xue-Ying and Liao, Jin-Yu and Yuan, Chen-Zhi and Fan, Bo-Yu and Lyu, Chen and Zhou, Dian-Li and Wang, You and Deng, Guang-Wei and Song, Hai-Zhi and Oblak, Daniel and Guo, Guang-Can and Zhou, Qiang},
  journal={Laser \& Photonics Reviews},
  volume={16},
  number={3},
  pages={2100219},
  year={2022},
  publisher={Wiley Online Library},
  doi={10.1002/lpor.202100219}
}
@book{vidick2023introduction,
  title={Introduction to Quantum Cryptography},
  author={Vidick, Thomas and Wehner, Stephanie},
  year={2023},
  publisher={Cambridge University Press},
  doi={10.1017/9781009026208 }
}
@article{hillery1999quantum,
  title={Quantum secret sharing},
  author={Hillery, Mark and Bu{\v{z}}ek, Vladim{\'\i}r and Berthiaume, Andr{\'e}},
  journal={Physical Review A},
  volume={59},
  number={3},
  pages={1829},
  year={1999},
  publisher={APS},
  doi={10.1103/PhysRevA.59.1829}
}
@article{ruf2021quantum,
  title={Quantum networks based on color centers in diamond},
  author={Ruf, Maximilian and Wan, Noel and Choi, Hyeongrak and Englund, Dirk and Hanson, Ronald},
  journal={Journal of Applied Physics},
  volume={130},
  number={7},
  year={2021},
  publisher={AIP Publishing},
  doi={10.1063/5.0056534}
}
@inbook{silberschatz2006operating,
  title={Operating System Concepts, Windows XP update},
  author={Silberschatz, Abraham and Galvin, Peter Baer and Gagne, Greg},
  year={2006},
  publisher={John Wiley \& Sons},
  chapter={6},
}
@article{burns2017survey,
  title={A survey of research into mixed criticality systems},
  author={Burns, Alan and Davis, Robert},
  journal={ACM Computing Surveys},
  volume={50},
  number={6},
  pages={1--37},
  year={2017},
  publisher={ACM New York, NY, USA},
  doi={10.1145/3131347}
}
@phdthesis{li2004utility,
  title={Utility accrual real-time scheduling: Models and algorithms},
  author={Li, Peng},
  year={2004},
  school={Virginia Polytechnic Institute and State University},
}
@inproceedings{jensen1993timeliness,
  title={A timeliness model for asychronous decentralized computer systems},
  author={Jensen, Douglas},
  booktitle={Proceedings ISAD 93: International Symposium on Autonomous Decentralized Systems},
  pages={173--182},
  year={1993},
  organization={IEEE},
  doi={10.1109/ISADS.1993.262706}
}
@article{azuma2021tools,
  title={Tools for quantum network design},
  author={Azuma, Koji and B{\"a}uml, Stefan and Coopmans, Tim and Elkouss, David and Li, Boxi},
  journal={AVS Quantum Science},
  volume={3},
  number={1},
  year={2021},
  publisher={AIP Publishing},
  doi={10.1116/5.0024062}
}
@article{avis2023requirements,
  title={Requirements for a processing-node quantum repeater on a real-world fiber grid},
  author={Avis, Guus and Ferreira da Silva, Francisco and Coopmans, Tim and Dahlberg, Axel and Jirovsk{\'a}, Hana and Maier, David and Rabbie, Julian and Torres-Knoop, Ariana and Wehner, Stephanie},
  journal={npj Quantum Information},
  volume={9},
  number={1},
  pages={100},
  year={2023},
  publisher={Nature Publishing Group UK London},
  doi={10.1038/s41534-023-00765-x}
}
@incollection{greenberger1989going,
  title={Going beyond Bell's theorem},
  author={Greenberger, Daniel and Horne, Michael and Zeilinger, Anton},
  booktitle={Bell's theorem, quantum theory and conceptions of the universe},
  pages={69--72},
  year={1989},
  publisher={Springer},
  doi={10.1007/978-94-017-0849-4}
}
